@techreport{cook2008numerical,
  title={Numerical computation of stochastic inequality probabilities},
  author={Cook, John D},
  year={2008},
  institution={Technical report, UT MD Anderson Cancer Center Department of Biostatistics}
}

@techreport{cook2005exact,
  title={Exact calculation of beta inequalities},
  author={Cook, John D},
  year={2005},
  institution={Technical report, UT MD Anderson Cancer Center Department of Biostatistics}
}

@article{cook2006stochastic,
  title={Stochastic inequality probabilities for adaptively randomized clinical trials},
  author={Cook, John D and Nadarajah, Saralees},
  journal={Biometrical journal},
  volume={48},
  number={3},
  pages={356--365},
  year={2006},
  publisher={Wiley Online Library}
}

@article{cook2012fast,
  title={Fast approximation of Beta inequalities},
  author={Cook, John D},
  year={2012},
  publisher={bepress}
}